@article{coleman1983estimation,
  title={Estimation of sparse Jacobian matrices and graph coloring blems},
  author={Coleman, Thomas F and Mor{\'e}, Jorge J},
  journal={SIAM journal on Numerical Analysis},
  volume={20},
  number={1},
  pages={187--209},
  year={1983},
  publisher={SIAM}
}

@article{erdios1935combinatorial,
  title={A combinatorial problem in geometry},
  author={Erdios, P and Szekeres, G},
  journal={Compositio mathematica},
  volume={2},
  pages={463--470},
  year={1935}
}

@article{luce1949method,
  title={A method of matrix analysis of group structure},
  author={Luce, R Duncan and Perry, Albert D},
  journal={Psychometrika},
  volume={14},
  number={2},
  pages={95--116},
  year={1949},
  publisher={Springer}
}

@article{harary1957procedure,
  title={A procedure for clique detection using the group matrix},
  author={Harary, Frank and Ross, Ian C},
  journal={Sociometry},
  volume={20},
  number={3},
  pages={205--215},
  year={1957},
  publisher={JSTOR}
}

@article{kuhl1984combinatorial,
  title={A combinatorial algorithm for calculating ligand binding},
  author={Kuhl, Frederick S and Crippen, Gorden M and Friesen, Donald K},
  journal={Journal of Computational Chemistry},
  volume={5},
  number={1},
  pages={24--34},
  year={1984},
  publisher={Wiley Online Library}
}

@article{rhodes2003clip,
  title={CLIP: similarity searching of 3D databases using clique detection},
  author={Rhodes, Nicholas and Willett, Peter and Calvet, Alain and Dunbar, James B and Humblet, Christine},
  journal={Journal of chemical information and computer sciences},
  volume={43},
  number={2},
  pages={443--448},
  year={2003},
  publisher={ACS Publications}
}

@book{national1995mathematical,
  title={Mathematical challenges from theoretical/computational chemistry},
  author={National Research Council and others},
  year={1995},
  publisher={National Academies Press}
}

@article{muegge2001small,
  title={Small molecule docking and scoring},
  author={Muegge, Ingo and Rarey, Matthias},
  journal={Reviews in computational chemistry},
  volume={17},
  pages={1--60},
  year={2001},
  publisher={Wiley; 1999}
}

@article{day1986computational,
  title={Computational complexity of inferring phylogenies by compatibility},
  author={Day, William HE and Sankoff, David},
  journal={Systematic Biology},
  volume={35},
  number={2},
  pages={224--229},
  year={1986},
  publisher={Society of Systematic Zoology}
}

@article{samudrala1998graph,
  title={A graph-theoretic algorithm for comparative modeling of protein structure1},
  author={Samudrala, Ram and Moult, John},
  journal={Journal of molecular biology},
  volume={279},
  number={1},
  pages={287--302},
  year={1998},
  publisher={Elsevier}
}

@article{spirin2003protein,
  title={Protein complexes and functional modules in molecular networks},
  author={Spirin, Victor and Mirny, Leonid A},
  journal={Proceedings of the National Academy of Sciences},
  volume={100},
  number={21},
  pages={12123--12128},
  year={2003},
  publisher={National Acad Sciences}
}

@article{lagarias1992keller,
  title={Kellerâ€™s cube-tiling conjecture is false in high dimensions},
  author={Lagarias, Jeffrey C and Shor, Peter W},
  journal={Bulletin of the American Mathematical Society},
  volume={27},
  number={2},
  pages={279--283},
  year={1992}
}

@article{tarjan1977finding,
  title={Finding a maximum independent set},
  author={Tarjan, Robert Endre and Trojanowski, Anthony E},
  journal={SIAM Journal on Computing},
  volume={6},
  number={3},
  pages={537--546},
  year={1977},
  publisher={SIAM}
}

@techreport{robson2001finding,
  title={Finding a maximum independent set in time O (2n/4)},
  author={Robson, John M},
  year={2001},
  institution={Technical Report 1251-01, LaBRI, Universit{\'e} Bordeaux I}
}
